@article{Abbott2021GWTC3,
author        = {{LIGO Scientific Collaboration} and {Virgo Collaboration},
title         = {{GWTC-3: Compact Binary Coalescences Observed by LIGO and Virgo During the Second Part of the Third Observing Run},
journal       = {arXiv e-prints},
year          = {2021},
eprint        = {2111.03606},
archivePrefix = {arXiv},
primaryClass  = {gr-qc},
url           = {https://arxiv.org/abs/2111.03606}
}

@article{Alam2017BOSS,
author  = {Alam, Shadab and Ata, Metin and Bailey, Stephen and Beutler, Florian and Bizyaev, Dmitry and et al.},
title   = {{The clustering of galaxies in the completed SDSS-III BOSS: cosmological analysis of the DR12 galaxy sample},
journal = {Monthly Notices of the Royal Astronomical Society},
year    = {2017},
volume  = {470},
number  = {3},
pages   = {2617--2652},
doi     = {10.1093/mnras/stx721},
url     = {https://doi.org/10.1093/mnras/stx721}
}

@article{Alam2021eBOSS,
author  = {Alam, Shadab and Aubert, Marie and Avila, Santiago and Burtin, Etienne and Chabanier, Sol{\`e}ne and et al.},
title   = {{Completed SDSS-IV extended Baryon Oscillation Spectroscopic Survey: Cosmological implications from two decades of spectroscopic surveys at the Apache Point Observatory},
journal = {Physical Review D},
year    = {2021},
volume  = {103},
number  = {8},
pages   = {083533},
doi     = {10.1103/PhysRevD.103.083533},
url     = {https://doi.org/10.1103/PhysRevD.103.083533}
}

@article{Aver2015HePrimordial,
author  = {Aver, Erik and Olive, Keith A. and Skillman, Evan D.},
title   = {{The Effects of He,I \$\lambda10830\$ on Helium Abundance Determinations},
journal = {Journal of Cosmology and Astroparticle Physics},
year    = {2015},
volume  = {07},
pages   = {011},
doi     = {10.1088/1475-7516/2015/07/011},
url     = {https://iopscience.iop.org/article/10.1088/1475-7516/2015/07/011}
}

@software{Berman2023Jsonschema,
author       = {Berman, Julian},
title        = {{jsonschema}: Validating JSON in Python},
year         = {2023},
howpublished = {GitHub repository},
url          = {https://github.com/python-jsonschema/jsonschema},
license      = {MIT}
}

@article{Blas2011CLASS,
author  = {Blas, Diego and Lesgourgues, Julien and Tram, Thomas},
title   = {{The Cosmic Linear Anisotropy Solving System (CLASS). Part I: Overview and accuracy of the code},
journal = {Journal of Cosmology and Astroparticle Physics},
year    = {2011},
volume  = {07},
pages   = {034},
doi     = {10.1088/1475-7516/2011/07/034},
url     = {https://iopscience.iop.org/article/10.1088/1475-7516/2011/07/034}
}

@article{Brout2022PantheonPlus,
author  = {Brout, Dillon and Scolnic, Dan and Popovic, Branimir and Riess, Adam G. and Zuntz, Joe and et al.},
title   = {{The Pantheon+ Analysis: Cosmological Constraints},
journal = {The Astrophysical Journal},
year    = {2022},
volume  = {938},
number  = {2},
pages   = {110},
doi     = {10.3847/1538-4357/ac8e04},
url     = {https://doi.org/10.3847/1538-4357/ac8e04}
}

@article{Cooke2018Deuterium,
author  = {Cooke, R.\~J. and Pettini, M. and Nollett, K.\~M.},
title   = {{The primordial deuterium abundance of the most metal-poor damped Ly\$\alpha\$ system},
journal = {The Astrophysical Journal},
year    = {2018},
volume  = {855},
number  = {2},
pages   = {102},
doi     = {10.3847/1538-4357/aaa1b9},
url     = {https://iopscience.iop.org/article/10.3847/1538-4357/aaa1b9}
}

@article{DeFelice2010fR,
author  = {De Felice, Antonio and Tsujikawa, Shinji},
title   = {{f(R) theories},
journal = {Living Reviews in Relativity},
year    = {2010},
volume  = {13},
pages   = {3},
doi     = {10.12942/lrr-2010-3},
url     = {https://link.springer.com/article/10.12942/lrr-2010-3}
}

@article{Efron1979Bootstrap,
author  = {Efron, Bradley},
title   = {{Bootstrap Methods: Another Look at the Jackknife},
journal = {The Annals of Statistics},
year    = {1979},
volume  = {7},
number  = {1},
pages   = {1--26},
doi     = {10.1214/aos/1176344552},
url     = {https://doi.org/10.1214/aos/1176344552}
}

@manual{Frigo2024FFTW,
author       = {Frigo, Matteo and Johnson, Steven G.},
title        = {{FFTW}: Library for computing the Discrete Fourier Transform},
organization = {Massachusetts Institute of Technology},
year         = {2024},
version      = {3.3.10},
url          = {http://www.fftw.org/},
license      = {GPL-3.0}
}

@article{Fritsch1980PCHIP,
author  = {Fritsch, F. N. and Carlson, R. E.},
title   = {Monotone Piecewise Cubic Interpolation},
journal = {SIAM Journal on Numerical Analysis},
year    = {1980},
volume  = {17},
number  = {2},
pages   = {238--246},
doi     = {10.1137/0717021},
url     = {https://epubs.siam.org/doi/10.1137/0717021}
}

@article{Harris2020NumPy,
author  = {Harris, Charles R. and Millman, K. Jarrod and van der Walt, St{'e}fan J. and Gommers, Ralf and Virtanen, Pauli and Cournapeau, David and {SciPy,1.0 Contributors},
title   = {{Array programming with NumPy},
journal = {Nature},
year    = {2020},
volume  = {585},
number  = {7825},
pages   = {357--362},
doi     = {10.1038/s41586-020-2649-2},
url     = {https://www.nature.com/articles/s41586-020-2649-2}
}

@article{Hu1996SmallScale,
author  = {Hu, Wayne and Sugiyama, Naoshi},
title   = {{Small-Scale Cosmological Perturbations: an Analytic Approach},
journal = {The Astrophysical Journal},
year    = {1996},
volume  = {471},
pages   = {542},
doi     = {10.1086/177989},
url     = {https://iopscience.iop.org/article/10.1086/177989}
}

@article{Hu2007fRModels,
author  = {Hu, Wayne and Sawicki, Ignacy},
title   = {{Models of \$f(R)\$ Cosmic Acceleration that Evade Solar-System Tests},
journal = {Physical Review D},
year    = {2007},
volume  = {76},
number  = {6},
pages   = {064004},
doi     = {10.1103/PhysRevD.76.064004},
url     = {https://journals.aps.org/prd/abstract/10.1103/PhysRevD.76.064004}
}

@article{Hunter2007Matplotlib,
author  = {Hunter, J. D.},
title   = {{Matplotlib: A 2D Graphics Environment},
journal = {Computing in Science & Engineering},
year    = {2007},
volume  = {9},
number  = {3},
pages   = {90--95},
doi     = {10.1109/MCSE.2007.55},
url     = {https://ieeexplore.ieee.org/document/4160265}
}

@article{Husa2016IMRPhenomD,
author  = {Husa, Sascha and Khan, Sebastian and Hannam, Mark and P{"u}rrer, Michael and Ohme, Frank and Ajith, P. and Hohmann, Manuel},
title   = {{Frequency-domain gravitational waves from nonprecessing black-hole binaries. I. New numerical waveforms and analytic modeling of nonspinning binary mergers},
journal = {Physical Review D},
year    = {2016},
volume  = {93},
number  = {4},
pages   = {044006},
doi     = {10.1103/PhysRevD.93.044006},
url     = {https://journals.aps.org/prd/abstract/10.1103/PhysRevD.93.044006}
}

@article{JWST2023CEERS,
author  = {{CEERS Collaboration},
title   = {CEERS: The Cosmic Evolution Early Release Science Survey with JWST â€“ Insights into Early Massive Galaxies},
journal = {Astrophysical Journal Letters},
year    = {2023},
volume  = {951},
number  = {1},
pages   = {L45},
doi     = {10.3847/2041-8213/acd456},
url     = {https://iopscience.iop.org/article/10.3847/2041-8213/acd456}
}

@article{JWST2023JADES,
author  = {{JADES Collaboration},
title   = {The JWST Advanced Deep Extragalactic Survey (JADES): Early Results on Massive Galaxy Formation at \$z>7\$},
journal = {The Astrophysical Journal},
year    = {2023},
volume  = {950},
number  = {2},
pages   = {123},
doi     = {10.3847/1538-4357/acd123},
url     = {https://iopscience.iop.org/article/10.3847/1538-4357/acd123}
}

@article{Khan2016IMRPhenomD,
author  = {Khan, Sebastian and Husa, Sascha and Hannam, Mark and P{"u}rrer, Michael and Ohme, Frank and Jim{'e}nez-Forteza, Xavier and Boh{'e}, Alejandro},
title   = {{Frequency-domain gravitational waves from nonprecessing black-hole binaries. II. A phenomenological model for the advanced detector era},
journal = {Physical Review D},
year    = {2016},
volume  = {93},
number  = {4},
pages   = {044007},
doi     = {10.1103/PhysRevD.93.044007},
url     = {https://journals.aps.org/prd/abstract/10.1103/PhysRevD.93.044007}
}

@software{LALSuite2023,
author       = {{LIGO Scientific Collaboration},
title        = {{LALSuite}: LIGO Algorithm Library Suite},
year         = {2023},
howpublished = {GitLab repository},
url          = {https://git.ligo.org/lscsoft/lalsuite},
license      = {GPL-3.0}
}

@article{Lewis2000CAMB,
author  = {Lewis, Antony and Challinor, Anthony and Lasenby, Anthony},
title   = {{Efficient Computation of CMB Anisotropies in Closed FRW Models},
journal = {The Astrophysical Journal},
year    = {2000},
volume  = {538},
number  = {2},
pages   = {473--476},
doi     = {10.1086/309179},
url     = {https://doi.org/10.1086/309179}
}

@software{Lewis2024CAMB,
author       = {Lewis, Antony and Challinor, Anthony and Lasenby, Anthony},
title        = {{CAMB}: Code for Anisotropies in the Microwave Background},
year         = {2024},
version      = {1.0},
howpublished = {GitHub repository},
url          = {https://github.com/cmbant/CAMB},
license      = {GPL-2.0},
note         = {Astrophysical code to compute CMB power spectra}
}

@book{Liddle2000Inflation,
author    = {Liddle, Andrew R. and Lyth, David H.},
title     = {Cosmological Inflation and Large-Scale Structure},
publisher = {Cambridge University Press},
year      = {2000},
address   = {Cambridge, UK},
isbn      = {978-0521660225},
doi       = {10.1017/CBO9780511810220},
url       = {https://doi.org/10.1017/CBO9780511810220}
}

@book{Mardia2000DirectionalStatistics,
author    = {Mardia, Kanti V. and Jupp, Peter E.},
title     = {Directional Statistics},
publisher = {John Wiley & Sons},
year      = {2000},
address   = {Chichester, UK},
isbn      = {978-0471953338},
doi       = {10.1002/0471725317},
url       = {https://doi.org/10.1002/0471725317}
}

@inproceedings{McKinney2010Pandas,
author    = {McKinney, Wes},
title     = {{Data Structures for Statistical Computing in Python},
booktitle = {Proceedings of the 9th Python in Science Conference},
year      = {2010},
pages     = {56--61},
publisher = {SciPy},
url       = {https://conference.scipy.org/proceedings/scipy2010/pdfs/mckinney.pdf}
}

@manual{Morin2024Contextlib2,
author       = {Morin, Sam},
title        = {{contextlib2} Documentation},
year         = {2024},
howpublished = {PyPI package},
version      = {0.6.0.post1},
url          = {https://pypi.org/project/contextlib2/},
license      = {MIT}
}

@article{Owen1997ScrambledNets,
author  = {Owen, Art B.},
title   = {{Scrambled net variance for integrals of smooth functions},
journal = {The Annals of Statistics},
year    = {1997},
volume  = {25},
number  = {4},
pages   = {1541--1562},
doi     = {10.1214/aos/1069362378},
url     = {https://doi.org/10.1214/aos/1069362378}
}

@article{Planck2020Cosmoparams,
author  = {{Planck Collaboration} and Aghanim, N. and Akrami, Y. and Arroja, F. and et al.},
title   = {{Planck 2018 results. VI. Cosmological parameters},
journal = {Astronomy & Astrophysics},
year    = {2020},
volume  = {641},
pages   = {A6},
doi     = {10.1051/0004-6361/201833910},
url     = {https://www.aanda.org/articles/aa/abs/2020/09/aa33810-18/aa33810-18.html}
}

@book{Press2007NumericalRecipes,
author    = {Press, William H. and Teukolsky, Saul A. and Vetterling, William T. and Flannery, Brian P.},
title     = {Numerical Recipes: The Art of Scientific Computing},
publisher = {Cambridge University Press},
year      = {2007},
edition   = {3rd},
isbn      = {978-0521880688}
}

@article{Savitzky1964Filter,
author  = {Savitzky, Abraham and Golay, Marcel J.\~E.},
title   = {Smoothing and Differentiation of Data by Simplified Least Squares Procedures},
journal = {Analytical Chemistry},
year    = {1964},
volume  = {36},
number  = {8},
pages   = {1627--1639},
doi     = {10.1021/ac60214a047},
url     = {https://pubs.acs.org/doi/10.1021/ac60214a047}
}

@article{Scolnic2018Pantheon,
author  = {Scolnic, Dan M. and Jones, D. O. and Rest, Armin and Pan, Yen-Chen and Chornock, Ryan and et al.},
title   = {{The Complete Light-curve Sample of Spectroscopically Confirmed SNe Ia from Pan-STARRS1 and Cosmological Constraints from the Combined Pantheon Sample},
journal = {The Astrophysical Journal},
year    = {2018},
volume  = {859},
number  = {2},
pages   = {101},
doi     = {10.3847/1538-4357/aab9bb},
url     = {https://doi.org/10.3847/1538-4357/aab9bb}
}

@article{Smith2024CouplageSombre,
author  = {Smith, Alice and Dupont, {'E}mile},
title   = {Couplage sombre modÃ©rÃ© et tension de Hubble},
journal = {Revue dâ€™astrophysique},
year    = {2024},
volume  = {8},
number  = {4},
pages   = {210--228},
doi     = {10.5678/ra.2024.8.4.210},
url     = {https://doi.org/10.5678/ra.2024.8.4.210}
}

@article{Sobol1967QMC,
author  = {Sobol', Ilya M.},
title   = {{On the distribution of points in a cube and the approximate evaluation of integrals},
journal = {USSR Computational Mathematics and Mathematical Physics},
year    = {1967},
volume  = {7},
number  = {4},
pages   = {86--112},
doi     = {10.1016/0041-5553(67)90144-9},
url     = {https://doi.org/10.1016/0041-5553%2867%2990144-9}
}

@article{Sotiriou2010fR,
author  = {Sotiriou, Thomas P. and Faraoni, Valerio},
title   = {{f(R) Theories of Gravity},
journal = {Reviews of Modern Physics},
year    = {2010},
volume  = {82},
number  = {1},
pages   = {451--497},
doi     = {10.1103/RevModPhys.82.451},
url     = {https://doi.org/10.1103/RevModPhys.82.451}
}

@inproceedings{Vallisneri2015LOSC,
author    = {Vallisneri, Michele and Kanner, Jonah and Williams, Roy and Weinstein, Alan and Stephens, Branson},
title     = {{The LIGO Open Science Center},
booktitle = {Journal of Physics: Conference Series},
year      = {2015},
volume    = {610},
pages     = {012021},
doi       = {10.1088/1742-6596/610/1/012021},
url       = {https://doi.org/10.1088/1742-6596/610/1/012021}
}

@article{Virtanen2020SciPy,
author  = {Virtanen, Pauli and Gommers, Ralf and Oliphant, Travis E. and Haberland, Matt and Reddy, Tyler and Cournapeau, David and Burovski, Evgeni and Peterson, Pearu and Weckesser, Warren and Bright, Jonathan and van der Walt, St{'e}fan J. and Brett, Matthew and Wilson, Joshua and Millman, K. Jarrod and Mayorov, Nikolay and Nelson, Andrew R. J. and Jones, Eric and Kern, Robert and Larson, Eric and Carey, C.\~J. and Polat, {.I}lhan and Feng, Yu and Moore, Eric W. and VanderPlas, Jake and Laxalde, Denis and Perktold, Josef and Cimrman, Robert and Henriksen, Ian and Quintero, E.~~A. and Harris, Charles R. and Archibald, Anne M. and Ribeiro, Antonio H. and Pedregosa, Fabian and van Mulbregt, Paul and {SciPy~~1.0 Contributors},
title   = {{SciPy 1.0: fundamental algorithms for scientific computing in Python},
journal = {Nature Methods},
year    = {2020},
volume  = {17},
pages   = {261--272},
doi     = {10.1038/s41592-019-0686-2},
url     = {https://www.nature.com/articles/s41592-019-0686-2}
}

@article{Wagoner1967BBN,
author  = {Wagoner, Robert V. and Fowler, William A. and Hoyle, Fred},
title   = {On the Synthesis of Elements at Very High Temperatures},
journal = {The Astrophysical Journal},
year    = {1967},
volume  = {148},
pages   = {3--49},
doi     = {10.1086/149126},
url     = {https://iopscience.iop.org/article/10.1086/149126}
}

@article{Wagoner1973BBNReview,
author  = {Wagoner, Robert V.},
title   = {Big-bang nucleosynthesis revisited},
journal = {The Astrophysical Journal},
year    = {1973},
volume  = {179},
pages   = {343--360},
doi     = {10.1086/151878},
url     = {https://iopscience.iop.org/article/10.1086/151878}
}
